Automatically generated by Mendeley Desktop 1.12.1
Any changes to this file will be lost if it is regenerated by Mendeley.

BibTeX export options can be customized via Options -> BibTeX in Mendeley Desktop

@article{Dowell1966,
author = {Dowell, P.L.},
doi = {10.1049/piee.1966.0236},
file = {:home/ozi/.local/share/data/Mendeley Ltd./Mendeley Desktop/Downloaded/Dowell - 1966 - Effects of eddy currents in transformer windings.pdf:pdf},
issn = {00203270},
journal = {Proceedings of the Institution of Electrical Engineers},
number = {8},
pages = {1387},
title = {{Effects of eddy currents in transformer windings}},
url = {http://digital-library.theiet.org/content/journals/10.1049/piee.1966.0236},
volume = {113},
year = {1966}
}
@book{McLyman2004,
author = {McLyman, Colonel Wm. T.},
file = {:home/ozi/.local/share/data/Mendeley Ltd./Mendeley Desktop/Downloaded/McLyman - 2004 - TRANSFORMER AND INDUCTOR DESIGN HANDBOOK Third Edition.pdf:pdf},
isbn = {0824753933},
title = {{TRANSFORMER AND INDUCTOR DESIGN HANDBOOK Third Edition}},
year = {2004}
}
@techreport{Vacuumschmelze2003,
author = {Vacuumschmelze},
file = {:home/ozi/Downloads/Pk003.pdf:pdf},
pages = {1--12},
title = {{Vitroperm 500 F - Vitrovac 6030F - Tape-Wound Cores in Power Transformers for Switched Mode Power Supplies}},
year = {2003}
}
@article{Abed2010,
author = {Abed, Nagy Y. and Mohammed, Osama a.},
doi = {10.1109/TMAG.2010.2048017},
file = {:home/ozi/.local/share/data/Mendeley Ltd./Mendeley Desktop/Downloaded/Abed, Mohammed - 2010 - Physics-Based High-Frequency Transformer Modeling by Finite Elements.pdf:pdf},
issn = {0018-9464},
journal = {IEEE Transactions on Magnetics},
month = aug,
number = {8},
pages = {3249--3252},
title = {{Physics-Based High-Frequency Transformer Modeling by Finite Elements}},
url = {http://ieeexplore.ieee.org/lpdocs/epic03/wrapper.htm?arnumber=5512904},
volume = {46},
year = {2010}
}
@inproceedings{Steiner2007,
annote = {ref icin eklendi},
author = {Steiner, Michael and Reinold, Harry},
booktitle = {2007 European Conference on Power Electronics and Applications},
doi = {10.1109/EPE.2007.4417570},
file = {:home/ozi/.local/share/data/Mendeley Ltd./Mendeley Desktop/Downloaded/Steiner, Reinold - 2007 - Medium frequency topology in railway applications.pdf:pdf},
keywords = {converter circuit,efficiency,rail vehicle,resonant converter,traction applications},
pages = {1--10},
publisher = {IEEE},
title = {{Medium frequency topology in railway applications}},
url = {http://ieeexplore.ieee.org/lpdocs/epic03/wrapper.htm?arnumber=4417570},
year = {2007}
}
@phdthesis{Villar2010,
author = {Villar, Irma},
file = {:home/ozi/.local/share/data/Mendeley Ltd./Mendeley Desktop/Downloaded/Villar - 2010 - Multiphysical characterization of medium-frequency power electronic transformers.pdf:pdf},
pages = {234},
school = {\'{E}cole Polytechnique Federale de Lausanne},
title = {{Multiphysical characterization of medium-frequency power electronic transformers}},
type = {PhD Dissertation},
url = {http://infoscience.epfl.ch/record/143044/files/EPFL\_TH4622.pdf},
volume = {4622},
year = {2010}
}
@article{Meier2009,
author = {Meier, Stephan and Kjellqvist, Tommy},
file = {:home/ozi/.local/share/data/Mendeley Ltd./Mendeley Desktop/Downloaded/Meier, Kjellqvist - 2009 - Design considerations for medium-frequency power transformers in offshore wind farms.pdf:pdf},
journal = {Power Electronics and \ldots},
keywords = {design,single phase system,transformer,wind energy},
title = {{Design considerations for medium-frequency power transformers in offshore wind farms}},
url = {http://ieeexplore.ieee.org/xpls/abs\_all.jsp?arnumber=5278995},
year = {2009}
}
@inproceedings{Ortiz2010,
annote = {denklemleri kullan},
author = {Ortiz, G. and Biela, J. and Kolar, J. W.},
booktitle = {IECON 2010 - 36th Annual Conference on IEEE Industrial Electronics Society},
doi = {10.1109/IECON.2010.5675240},
file = {:home/ozi/.local/share/data/Mendeley Ltd./Mendeley Desktop/Downloaded/Ortiz, Biela, Kolar - 2010 - Optimized design of medium frequency transformers with high isolation requirements.pdf:pdf},
isbn = {978-1-4244-5225-5},
month = nov,
pages = {631--638},
publisher = {IEEE},
title = {{Optimized design of medium frequency transformers with high isolation requirements}},
url = {http://ieeexplore.ieee.org/lpdocs/epic03/wrapper.htm?arnumber=5675240},
year = {2010}
}
@misc{HVcable,
booktitle = {Dielectric Sciences},
title = {{HV Cable Catalogue}},
url = {http://dielectricsciences.thomasnet.com/viewitems/all-categories/wire-cable-2}
}
@inproceedings{Ortiz2010a,
author = {Ortiz, G and Biela, J and Bortis, D and Kolar, J. W.},
booktitle = {The 2010 International Power Electronics Conference - ECCE ASIA -},
doi = {10.1109/IPEC.2010.5542018},
file = {:home/ozi/.local/share/data/Mendeley Ltd./Mendeley Desktop/Downloaded/Ortiz et al. - 2010 - 1 Megawatt, 20 kHz, isolated, bidirectional 12kV to 1.2kV DC-DC converter for renewable energy applications.pdf:pdf},
isbn = {978-1-4244-5394-8},
month = jun,
pages = {3212--3219},
publisher = {IEEE},
title = {{1 Megawatt, 20 kHz, isolated, bidirectional 12kV to 1.2kV DC-DC converter for renewable energy applications}},
url = {http://ieeexplore.ieee.org/lpdocs/epic03/wrapper.htm?arnumber=5542018},
year = {2010}
}
@misc{Dielectric,
author = {{Dielectric Sciences}, Inc},
keywords = {A High Voltage Technology Group catalog including,Browse Wire \& Cable in the Dielectric Sciences,Conductor Material,Diameter,Gauge,Inc.,Insulation Material,No. of Conductors,Shield,Voltage},
title = {{High Voltage Cables}},
url = {http://dielectricsciences.thomasnet.com/viewitems/all-categories/wire-cable-2},
urldate = {19/05/14}
}
@article{Kheraluwala1992,
author = {Kheraluwala, MH and Novotny, D.W. and Divan, D.M.},
doi = {10.1109/63.124577},
file = {:home/ozi/.local/share/data/Mendeley Ltd./Mendeley Desktop/Downloaded/Kheraluwala, Novotny, Divan - 1992 - Coaxially wound transformers for high-power high-frequency applications.pdf:pdf},
issn = {08858993},
journal = {IEEE Transactions on Power Electronics},
number = {1},
pages = {54--62},
title = {{Coaxially wound transformers for high-power high-frequency applications}},
url = {http://ieeexplore.ieee.org/xpls/abs\_all.jsp?arnumber=124577 http://ieeexplore.ieee.org/lpdocs/epic03/wrapper.htm?arnumber=124577},
volume = {7},
year = {1992}
}
@inproceedings{Heinemann2002,
annote = {ref icin eklendi},
author = {Heinemann, Lothar},
booktitle = {APEC. Seventeenth Annual IEEE Applied Power Electronics Conference and Exposition (Cat. No.02CH37335)},
doi = {10.1109/APEC.2002.989270},
file = {:home/ozi/.local/share/data/Mendeley Ltd./Mendeley Desktop/Downloaded/Heinemann - 2002 - An actively cooled high power, high frequency transformer with high insulation capability.pdf:pdf},
isbn = {0-7803-7404-5},
number = {c},
pages = {352--357},
publisher = {IEEE},
title = {{An actively cooled high power, high frequency transformer with high insulation capability}},
url = {http://ieeexplore.ieee.org/xpls/abs\_all.jsp?arnumber=989270 http://ieeexplore.ieee.org/lpdocs/epic03/wrapper.htm?arnumber=989270},
volume = {00},
year = {2002}
}
@techreport{vitroperm_toroidal,
author = {Vacuumschmelze},
file = {:home/ozi/.local/share/data/Mendeley Ltd./Mendeley Desktop/Downloaded/Vacuumschmelze - Unknown - VITROPERM 500F Toroidal Cores.pdf:pdf},
title = {{VITROPERM 500F Toroidal Cores}}
}
@inproceedings{Filchev2009,
annote = {okundu},
author = {Filchev, T and Clare, J and Wheeler, P and Richardson, R},
booktitle = {IET European Conference on European Pulsed Power 2009. Incorporating the CERN Klystron Modulator Workshop},
doi = {10.1049/cp.2009.1645},
file = {:home/ozi/.local/share/data/Mendeley Ltd./Mendeley Desktop/Downloaded/Filchev et al. - 2009 - Design of high voltage high frequency transformer for pulsed power applications.pdf:pdf},
isbn = {978 1 84919 144 9},
keywords = {high frequency,high voltage,nanocrystalline},
pages = {P18--P18},
publisher = {IET},
title = {{Design of high voltage high frequency transformer for pulsed power applications}},
url = {http://digital-library.theiet.org/content/conferences/10.1049/cp.2009.1645},
year = {2009}
}
@misc{Magnetics,
author = {Magnetics, MK},
title = {{Nanocrystalline: A Special Product Announcement}},
url = {http://www.mkmagnetics.com/nanocrystalline.shtml},
urldate = {22/05/14}
}
@inproceedings{Kheraluwala,
author = {Kheraluwala, M.H. and Novotny, D.W. and Divan, D.M.},
booktitle = {21st Annual IEEE Conference on Power Electronics Specialists},
doi = {10.1109/PESC.1990.131262},
file = {:home/ozi/.local/share/data/Mendeley Ltd./Mendeley Desktop/Downloaded/Kheraluwala, Novotny, Divan - Unknown - Design considerations for high power high frequency transformers.pdf:pdf},
pages = {734--742},
publisher = {IEEE},
title = {{Design considerations for high power high frequency transformers}},
url = {http://ieeexplore.ieee.org/lpdocs/epic03/wrapper.htm?arnumber=131262}
}
@techreport{vitroperm_vitrovac,
author = {Vacuumschmelze},
file = {:home/ozi/.local/share/data/Mendeley Ltd./Mendeley Desktop/Downloaded/Vacuumschmelze - Unknown - Vitroperm 500 F - VitroVac 6030 F.pdf:pdf},
title = {{Vitroperm 500 F - VitroVac 6030 F}}
}
@article{Wang2011,
annote = {okundu},
author = {Wang, Y.a. and Xiao, D.M.},
doi = {10.1049/iet-pel.2009.0284},
file = {:home/ozi/.local/share/data/Mendeley Ltd./Mendeley Desktop/Downloaded/Wang, Xiao - 2011 - Prototype design for a high-voltage high-frequency rectifier transformer for high power use.pdf:pdf},
issn = {17554535},
journal = {IET Power Electronics},
number = {6},
pages = {615},
title = {{Prototype design for a high-voltage high-frequency rectifier transformer for high power use}},
url = {http://digital-library.theiet.org/content/journals/10.1049/iet-pel.2009.0284},
volume = {4},
year = {2011}
}
@article{Morren2002,
annote = {ref icin eklendi

      },
author = {Morren, J and de Haan, SWH and Ferreira, JA},
file = {:home/ozi/.local/share/data/Mendeley Ltd./Mendeley Desktop/Downloaded/Morren, Haan, Ferreira - 2002 - High-voltage DC-DC converter for offshore windfarms.pdf:pdf},
journal = {IEEE Young Researchers Symposium in Electrical Power Engineering},
pages = {1--6},
title = {{High-voltage DC-DC converter for offshore windfarms}},
url = {ftp://134.58.56.168/electa/IEEE\_YRS-2002/papers/08.pdf},
year = {2002}
}
@techreport{vitroterm_manual,
author = {Vacuumschmelze},
file = {:home/ozi/.local/share/data/Mendeley Ltd./Mendeley Desktop/Downloaded/Vacuumschmelze - Unknown - Nanocrystalline VITROPERM.pdf:pdf},
title = {{Nanocrystalline VITROPERM}}
}
@article{Reinert2001,
author = {Reinert, J. and Brockmeyer, Ansgar and {De Doncker}, R.W.A.A.},
doi = {10.1109/28.936396},
file = {:home/ozi/.local/share/data/Mendeley Ltd./Mendeley Desktop/Downloaded/Reinert, Brockmeyer, De Doncker - 2001 - Calculation of losses in ferro- and ferrimagnetic materials based on the modified Steinmetz equ.pdf:pdf},
issn = {00939994},
journal = {IEEE Transactions on Industry Applications},
number = {4},
pages = {1055--1061},
title = {{Calculation of losses in ferro- and ferrimagnetic materials based on the modified Steinmetz equation}},
url = {http://ieeexplore.ieee.org/lpdocs/epic03/wrapper.htm?arnumber=936396},
volume = {37},
year = {2001}
}
@inproceedings{Venkatachalam2002,
author = {Venkatachalam, K. and Sullivan, C.R. and Abdallah, T and Tacca, H},
booktitle = {2002 IEEE Workshop on Computers in Power Electronics, 2002. Proceedings.},
doi = {10.1109/CIPE.2002.1196712},
file = {:home/ozi/.local/share/data/Mendeley Ltd./Mendeley Desktop/Downloaded/Venkatachalam et al. - 2002 - Accurate prediction of ferrite core loss with nonsinusoidal waveforms using only Steinmetz parameters.pdf:pdf},
isbn = {0-7803-7554-8},
number = {June},
pages = {36--41},
publisher = {IEEE},
title = {{Accurate prediction of ferrite core loss with nonsinusoidal waveforms using only Steinmetz parameters}},
url = {http://ieeexplore.ieee.org/lpdocs/epic03/wrapper.htm?arnumber=1196712},
year = {2002}
}
@inproceedings{Agheb2012,
annote = {materyal ve winding arrangementlari guzel},
author = {Agheb, Edris and Hoidalen, Hans K.},
booktitle = {2012 International Conference on Renewable Energy Research and Applications (ICRERA)},
doi = {10.1109/ICRERA.2012.6477318},
file = {:home/ozi/.local/share/data/Mendeley Ltd./Mendeley Desktop/Downloaded/Agheb, Hoidalen - 2012 - Medium frequency high power transformers, state of art and challenges.pdf:pdf},
isbn = {978-1-4673-2330-7},
keywords = {-high power converters,core loss,loss minimization,medium frequency high,parameter optimization,power transformer,thermal modeling,winding loss},
month = nov,
pages = {1--6},
publisher = {IEEE},
title = {{Medium frequency high power transformers, state of art and challenges}},
url = {http://ieeexplore.ieee.org/lpdocs/epic03/wrapper.htm?arnumber=6477318},
year = {2012}
}
@inproceedings{Prasai2007,
annote = {alıncak alındı

        
stacked PM olayı ılgınc},
author = {Prasai, Anish and Divan, Deepak and Bendre, Ashish and Kreikebaum, Frank},
booktitle = {2007 European Conference on Power Electronics and Applications},
doi = {10.1109/EPE.2007.4417344},
file = {:home/ozi/.local/share/data/Mendeley Ltd./Mendeley Desktop/Downloaded/Prasai et al. - 2007 - A new architecture for offshore wind farms.pdf:pdf},
keywords = {ac-dc conversion,boost converter,coaxial,dc power systems,hvdc,offshore wind farm,pm machine,power,power distribution,transmission,wind,wind energy,wind power generation,wind turbine,winding transformer},
pages = {1--10},
publisher = {IEEE},
title = {{A new architecture for offshore wind farms}},
url = {http://ieeexplore.ieee.org/lpdocs/epic03/wrapper.htm?arnumber=4417344},
year = {2007}
}
@article{Soltau2014,
author = {Soltau, Nils and Eggers, Daniel and Hameyer, Kay and {De Doncker}, Rik W.},
doi = {10.1109/TMAG.2013.2283733},
file = {:home/ozi/.local/share/data/Mendeley Ltd./Mendeley Desktop/Downloaded/Soltau et al. - 2014 - Iron Losses in a Medium-Frequency Transformer Operated in a High-Power DC–DC Converter.pdf:pdf},
issn = {0018-9464},
journal = {IEEE Transactions on Magnetics},
month = feb,
number = {2},
pages = {953--956},
title = {{Iron Losses in a Medium-Frequency Transformer Operated in a High-Power DC–DC Converter}},
url = {http://ieeexplore.ieee.org/lpdocs/epic03/wrapper.htm?arnumber=6749043},
volume = {50},
year = {2014}
}
@inproceedings{Sullivan2003,
author = {Nan, X and Sullivan, C.R.},
booktitle = {IEEE 34th Annual Conference on Power Electronics Specialist, 2003. PESC '03.},
doi = {10.1109/PESC.2003.1218168},
file = {:home/ozi/.local/share/data/Mendeley Ltd./Mendeley Desktop/Downloaded/Nan, Sullivan - 2003 - An improved calculation of proximity-effect loss in high-frequency windings of round conductors.pdf:pdf},
isbn = {0-7803-7754-0},
pages = {853--860},
publisher = {IEEE},
title = {{An improved calculation of proximity-effect loss in high-frequency windings of round conductors}},
url = {http://ieeexplore.ieee.org/lpdocs/epic03/wrapper.htm?arnumber=1218168},
volume = {2},
year = {2003}
}
@phdthesis{Shen2006,
author = {Shen, Wei},
file = {:home/ozi/.local/share/data/Mendeley Ltd./Mendeley Desktop/Downloaded/Shen - 2006 - Design of High-density Transformers for High-frequency High-power Converters.pdf:pdf},
keywords = {core loss calculation,design of high-density transformers,for high-frequency high-power,high power density,high-frequency transformer,leakage inductance calculation,transformer optimal design},
school = {Virginia Polytechnic Institute and State University},
title = {{Design of High-density Transformers for High-frequency High-power Converters}},
year = {2006}
}
@article{Ferreira1994,
author = {Ferreira, J.a.},
doi = {10.1109/63.285503},
file = {:home/ozi/.local/share/data/Mendeley Ltd./Mendeley Desktop/Downloaded/Ferreira - 1994 - Improved analytical modeling of conductive losses in magnetic components.pdf:pdf},
issn = {08858993},
journal = {IEEE Transactions on Power Electronics},
number = {1},
pages = {127--131},
title = {{Improved analytical modeling of conductive losses in magnetic components}},
url = {http://ieeexplore.ieee.org/lpdocs/epic03/wrapper.htm?arnumber=285503},
volume = {9},
year = {1994}
}
@inproceedings{Pavlovsky2005,
annote = {ref icin eklendi

      },
author = {Pavlovsky, M and de Haan, S.W.H. and Ferreira, J.A.},
booktitle = {2005 European Conference on Power Electronics and Applications},
doi = {10.1109/EPE.2005.219307},
file = {:home/ozi/.local/share/data/Mendeley Ltd./Mendeley Desktop/Downloaded/Pavlovsky, de Haan, Ferreira - 2005 - Concept of 50 kW DCDC converter based on ZVS, quasi-ZCS topology and integrated thermal and electr.pdf:pdf},
isbn = {90-75815-09-3},
keywords = {dc,dc converter,heat pipes,high power,high power density,resonant converter,transformer},
pages = {9 pp.--P.9},
publisher = {IEEE},
title = {{Concept of 50 kW DC/DC converter based on ZVS, quasi-ZCS topology and integrated thermal and electromagnetic design}},
url = {http://ieeexplore.ieee.org/lpdocs/epic03/wrapper.htm?arnumber=1665497},
year = {2005}
}
